%YAML 1.1
%TAG !u! tag:unity3d.com,2011:
--- !u!1 &625503088
GameObject:
  m_ObjectHideFlags: 0
  m_CorrespondingSourceObject: {fileID: 0}
  m_PrefabInstance: {fileID: 0}
  m_PrefabAsset: {fileID: 0}
  serializedVersion: 6
  m_Component:
  - component: {fileID: 625503091}
  - component: {fileID: 625503090}
  - component: {fileID: 625503089}
  m_Layer: 8
  m_Name: Camera
  m_TagString: Untagged
  m_Icon: {fileID: 0}
  m_NavMeshLayer: 0
  m_StaticEditorFlags: 0
  m_IsActive: 1
--- !u!4 &625503091
Transform:
  m_ObjectHideFlags: 0
  m_CorrespondingSourceObject: {fileID: 0}
  m_PrefabInstance: {fileID: 0}
  m_PrefabAsset: {fileID: 0}
  m_GameObject: {fileID: 625503088}
  m_LocalRotation: {x: 0, y: 0, z: 0, w: 1}
  m_LocalPosition: {x: 0, y: 1.06, z: 0}
  m_LocalScale: {x: 1, y: 1, z: 1}
  m_Children:
  - {fileID: 4569619703097393806}
  - {fileID: 6927638520398203468}
  - {fileID: 6067439681585969559}
  - {fileID: 7077788697523217258}
  m_Father: {fileID: 1437432175277900624}
  m_RootOrder: 1
  m_LocalEulerAnglesHint: {x: 0, y: 0, z: 0}
--- !u!20 &625503090
Camera:
  m_ObjectHideFlags: 0
  m_CorrespondingSourceObject: {fileID: 0}
  m_PrefabInstance: {fileID: 0}
  m_PrefabAsset: {fileID: 0}
  m_GameObject: {fileID: 625503088}
  m_Enabled: 1
  serializedVersion: 2
  m_ClearFlags: 1
  m_BackGroundColor: {r: 0.8867924, g: 0.04601282, b: 0.053482264, a: 0}
  m_projectionMatrixMode: 1
  m_GateFitMode: 2
  m_FOVAxisMode: 0
  m_SensorSize: {x: 36, y: 24}
  m_LensShift: {x: 0, y: 0}
  m_FocalLength: 50
  m_NormalizedViewPortRect:
    serializedVersion: 2
    x: 0
    y: 0
    width: 1
    height: 1
  near clip plane: 0.3
  far clip plane: 1000
  field of view: 60
  orthographic: 0
  orthographic size: 5
  m_Depth: 0
  m_CullingMask:
    serializedVersion: 2
    m_Bits: 4294967295
  m_RenderingPath: -1
  m_TargetTexture: {fileID: 0}
  m_TargetDisplay: 0
  m_TargetEye: 3
  m_HDR: 1
  m_AllowMSAA: 1
  m_AllowDynamicResolution: 0
  m_ForceIntoRT: 0
  m_OcclusionCulling: 1
  m_StereoConvergence: 10
  m_StereoSeparation: 0.022
--- !u!81 &625503089
AudioListener:
  m_ObjectHideFlags: 0
  m_CorrespondingSourceObject: {fileID: 0}
  m_PrefabInstance: {fileID: 0}
  m_PrefabAsset: {fileID: 0}
  m_GameObject: {fileID: 625503088}
  m_Enabled: 1
--- !u!1 &1595628318928570525
GameObject:
  m_ObjectHideFlags: 0
  m_CorrespondingSourceObject: {fileID: 0}
  m_PrefabInstance: {fileID: 0}
  m_PrefabAsset: {fileID: 0}
  serializedVersion: 6
  m_Component:
  - component: {fileID: 4569619703097393806}
  - component: {fileID: 7250584867616906066}
  - component: {fileID: 1731001663}
  - component: {fileID: 7251672201985321083}
  m_Layer: 8
  m_Name: Mano
  m_TagString: Untagged
  m_Icon: {fileID: 0}
  m_NavMeshLayer: 0
  m_StaticEditorFlags: 0
  m_IsActive: 1
--- !u!4 &4569619703097393806
Transform:
  m_ObjectHideFlags: 0
  m_CorrespondingSourceObject: {fileID: 0}
  m_PrefabInstance: {fileID: 0}
  m_PrefabAsset: {fileID: 0}
  m_GameObject: {fileID: 1595628318928570525}
  m_LocalRotation: {x: 0, y: -0.0027314639, z: 0, w: 0.9999963}
  m_LocalPosition: {x: 0.556, y: -0.391, z: 1.741}
  m_LocalScale: {x: 1, y: 1, z: 1}
  m_Children: []
  m_Father: {fileID: 625503091}
  m_RootOrder: 0
  m_LocalEulerAnglesHint: {x: 0, y: -0.313, z: 0}
--- !u!114 &7250584867616906066
MonoBehaviour:
  m_ObjectHideFlags: 0
  m_CorrespondingSourceObject: {fileID: 0}
  m_PrefabInstance: {fileID: 0}
  m_PrefabAsset: {fileID: 0}
  m_GameObject: {fileID: 1595628318928570525}
  m_Enabled: 1
  m_EditorHideFlags: 0
  m_Script: {fileID: 11500000, guid: f16d613208af04848a7813366318b78b, type: 3}
  m_Name: 
  m_EditorClassIdentifier: 
  color: {r: 0, g: 0.334579, b: 1, a: 1}
--- !u!114 &1731001663
MonoBehaviour:
  m_ObjectHideFlags: 0
  m_CorrespondingSourceObject: {fileID: 0}
  m_PrefabInstance: {fileID: 0}
  m_PrefabAsset: {fileID: 0}
  m_GameObject: {fileID: 1595628318928570525}
  m_Enabled: 1
  m_EditorHideFlags: 0
  m_Script: {fileID: 11500000, guid: f16d613208af04848a7813366318b78b, type: 3}
  m_Name: 
  m_EditorClassIdentifier: 
  color: {r: 0, g: 0.362041, b: 1, a: 1}
--- !u!114 &7251672201985321083
MonoBehaviour:
  m_ObjectHideFlags: 0
  m_CorrespondingSourceObject: {fileID: 0}
  m_PrefabInstance: {fileID: 0}
  m_PrefabAsset: {fileID: 0}
  m_GameObject: {fileID: 1595628318928570525}
  m_Enabled: 1
  m_EditorHideFlags: 0
  m_Script: {fileID: 11500000, guid: f16d613208af04848a7813366318b78b, type: 3}
  m_Name: 
  m_EditorClassIdentifier: 
  color: {r: 0, g: 0.362041, b: 1, a: 1}
--- !u!1 &3048626282718770193
GameObject:
  m_ObjectHideFlags: 0
  m_CorrespondingSourceObject: {fileID: 0}
  m_PrefabInstance: {fileID: 0}
  m_PrefabAsset: {fileID: 0}
  serializedVersion: 6
  m_Component:
  - component: {fileID: 6067439681585969559}
  - component: {fileID: 2750617065500532165}
  m_Layer: 8
  m_Name: Rocket
  m_TagString: Untagged
  m_Icon: {fileID: 0}
  m_NavMeshLayer: 0
  m_StaticEditorFlags: 0
  m_IsActive: 1
--- !u!4 &6067439681585969559
Transform:
  m_ObjectHideFlags: 0
  m_CorrespondingSourceObject: {fileID: 0}
  m_PrefabInstance: {fileID: 0}
  m_PrefabAsset: {fileID: 0}
  m_GameObject: {fileID: 3048626282718770193}
  m_LocalRotation: {x: -0.10170796, y: -0.011331546, z: 0.0016172085, w: 0.9947485}
  m_LocalPosition: {x: 0.5240021, y: -0.37400028, z: 1.7630088}
  m_LocalScale: {x: 1, y: 1, z: 1}
  m_Children: []
  m_Father: {fileID: 625503091}
  m_RootOrder: 2
  m_LocalEulerAnglesHint: {x: -11.672001, y: -1.338, z: 0.323}
--- !u!114 &2750617065500532165
MonoBehaviour:
  m_ObjectHideFlags: 0
  m_CorrespondingSourceObject: {fileID: 0}
  m_PrefabInstance: {fileID: 0}
  m_PrefabAsset: {fileID: 0}
  m_GameObject: {fileID: 3048626282718770193}
  m_Enabled: 1
  m_EditorHideFlags: 0
  m_Script: {fileID: 11500000, guid: f16d613208af04848a7813366318b78b, type: 3}
  m_Name: 
  m_EditorClassIdentifier: 
  color: {r: 1, g: 0, b: 0, a: 1}
--- !u!1 &6373229762322095572
GameObject:
  m_ObjectHideFlags: 0
  m_CorrespondingSourceObject: {fileID: 0}
  m_PrefabInstance: {fileID: 0}
  m_PrefabAsset: {fileID: 0}
  serializedVersion: 6
  m_Component:
  - component: {fileID: 3170085390350627821}
  - component: {fileID: 5514763223821918447}
  m_Layer: 8
  m_Name: GameObject
  m_TagString: Untagged
  m_Icon: {fileID: 0}
  m_NavMeshLayer: 0
  m_StaticEditorFlags: 0
  m_IsActive: 1
--- !u!4 &3170085390350627821
Transform:
  m_ObjectHideFlags: 0
  m_CorrespondingSourceObject: {fileID: 0}
  m_PrefabInstance: {fileID: 0}
  m_PrefabAsset: {fileID: 0}
  m_GameObject: {fileID: 6373229762322095572}
  m_LocalRotation: {x: 0, y: 0, z: 0, w: 1}
  m_LocalPosition: {x: 0, y: 0, z: 0}
  m_LocalScale: {x: 1, y: 1, z: 1}
  m_Children: []
  m_Father: {fileID: 1437432175277900624}
  m_RootOrder: 2
  m_LocalEulerAnglesHint: {x: 0, y: 0, z: 0}
--- !u!82 &5514763223821918447
AudioSource:
  m_ObjectHideFlags: 0
  m_CorrespondingSourceObject: {fileID: 0}
  m_PrefabInstance: {fileID: 0}
  m_PrefabAsset: {fileID: 0}
  m_GameObject: {fileID: 6373229762322095572}
  m_Enabled: 1
  serializedVersion: 4
  OutputAudioMixerGroup: {fileID: 0}
  m_audioClip: {fileID: 8300000, guid: 0a0bc343d509d1c448cade984296fe86, type: 3}
  m_PlayOnAwake: 1
  m_Volume: 0.887
  m_Pitch: 1
  Loop: 1
  Mute: 0
  Spatialize: 0
  SpatializePostEffects: 0
  Priority: 128
  DopplerLevel: 1
  MinDistance: 1
  MaxDistance: 500
  Pan2D: 0
  rolloffMode: 0
  BypassEffects: 0
  BypassListenerEffects: 0
  BypassReverbZones: 0
  rolloffCustomCurve:
    serializedVersion: 2
    m_Curve:
    - serializedVersion: 3
      time: 0
      value: 1
      inSlope: 0
      outSlope: 0
      tangentMode: 0
      weightedMode: 0
      inWeight: 0.33333334
      outWeight: 0.33333334
    - serializedVersion: 3
      time: 1
      value: 0
      inSlope: 0
      outSlope: 0
      tangentMode: 0
      weightedMode: 0
      inWeight: 0.33333334
      outWeight: 0.33333334
    m_PreInfinity: 2
    m_PostInfinity: 2
    m_RotationOrder: 4
  panLevelCustomCurve:
    serializedVersion: 2
    m_Curve:
    - serializedVersion: 3
      time: 0
      value: 0
      inSlope: 0
      outSlope: 0
      tangentMode: 0
      weightedMode: 0
      inWeight: 0.33333334
      outWeight: 0.33333334
    m_PreInfinity: 2
    m_PostInfinity: 2
    m_RotationOrder: 4
  spreadCustomCurve:
    serializedVersion: 2
    m_Curve:
    - serializedVersion: 3
      time: 0
      value: 0
      inSlope: 0
      outSlope: 0
      tangentMode: 0
      weightedMode: 0
      inWeight: 0.33333334
      outWeight: 0.33333334
    m_PreInfinity: 2
    m_PostInfinity: 2
    m_RotationOrder: 4
  reverbZoneMixCustomCurve:
    serializedVersion: 2
    m_Curve:
    - serializedVersion: 3
      time: 0
      value: 1
      inSlope: 0
      outSlope: 0
      tangentMode: 0
      weightedMode: 0
      inWeight: 0.33333334
      outWeight: 0.33333334
    m_PreInfinity: 2
    m_PostInfinity: 2
    m_RotationOrder: 4
--- !u!1 &6763689197596224655
GameObject:
  m_ObjectHideFlags: 0
  m_CorrespondingSourceObject: {fileID: 0}
  m_PrefabInstance: {fileID: 0}
  m_PrefabAsset: {fileID: 0}
  serializedVersion: 6
  m_Component:
  - component: {fileID: 5265196164392089335}
  - component: {fileID: 6712112198450168708}
  m_Layer: 8
  m_Name: GameObject (1)
  m_TagString: Untagged
  m_Icon: {fileID: 0}
  m_NavMeshLayer: 0
  m_StaticEditorFlags: 0
  m_IsActive: 1
--- !u!4 &5265196164392089335
Transform:
  m_ObjectHideFlags: 0
  m_CorrespondingSourceObject: {fileID: 0}
  m_PrefabInstance: {fileID: 0}
  m_PrefabAsset: {fileID: 0}
  m_GameObject: {fileID: 6763689197596224655}
  m_LocalRotation: {x: 0, y: 0, z: 0, w: 1}
  m_LocalPosition: {x: 0, y: 0, z: 0}
  m_LocalScale: {x: 1, y: 1, z: 1}
  m_Children: []
  m_Father: {fileID: 1437432175277900624}
  m_RootOrder: 3
  m_LocalEulerAnglesHint: {x: 0, y: 0, z: 0}
--- !u!82 &6712112198450168708
AudioSource:
  m_ObjectHideFlags: 0
  m_CorrespondingSourceObject: {fileID: 0}
  m_PrefabInstance: {fileID: 0}
  m_PrefabAsset: {fileID: 0}
  m_GameObject: {fileID: 6763689197596224655}
  m_Enabled: 1
  serializedVersion: 4
  OutputAudioMixerGroup: {fileID: 0}
  m_audioClip: {fileID: 8300000, guid: 3a221daf69d8a4a4e83e6ef94bf55a64, type: 3}
  m_PlayOnAwake: 1
  m_Volume: 0.359
  m_Pitch: 1
  Loop: 1
  Mute: 0
  Spatialize: 0
  SpatializePostEffects: 0
  Priority: 128
  DopplerLevel: 1
  MinDistance: 1
  MaxDistance: 500
  Pan2D: 0
  rolloffMode: 0
  BypassEffects: 0
  BypassListenerEffects: 0
  BypassReverbZones: 0
  rolloffCustomCurve:
    serializedVersion: 2
    m_Curve:
    - serializedVersion: 3
      time: 0
      value: 1
      inSlope: 0
      outSlope: 0
      tangentMode: 0
      weightedMode: 0
      inWeight: 0.33333334
      outWeight: 0.33333334
    - serializedVersion: 3
      time: 1
      value: 0
      inSlope: 0
      outSlope: 0
      tangentMode: 0
      weightedMode: 0
      inWeight: 0.33333334
      outWeight: 0.33333334
    m_PreInfinity: 2
    m_PostInfinity: 2
    m_RotationOrder: 4
  panLevelCustomCurve:
    serializedVersion: 2
    m_Curve:
    - serializedVersion: 3
      time: 0
      value: 0
      inSlope: 0
      outSlope: 0
      tangentMode: 0
      weightedMode: 0
      inWeight: 0.33333334
      outWeight: 0.33333334
    m_PreInfinity: 2
    m_PostInfinity: 2
    m_RotationOrder: 4
  spreadCustomCurve:
    serializedVersion: 2
    m_Curve:
    - serializedVersion: 3
      time: 0
      value: 0
      inSlope: 0
      outSlope: 0
      tangentMode: 0
      weightedMode: 0
      inWeight: 0.33333334
      outWeight: 0.33333334
    m_PreInfinity: 2
    m_PostInfinity: 2
    m_RotationOrder: 4
  reverbZoneMixCustomCurve:
    serializedVersion: 2
    m_Curve:
    - serializedVersion: 3
      time: 0
      value: 1
      inSlope: 0
      outSlope: 0
      tangentMode: 0
      weightedMode: 0
      inWeight: 0.33333334
      outWeight: 0.33333334
    m_PreInfinity: 2
    m_PostInfinity: 2
    m_RotationOrder: 4
--- !u!1 &8130174062045853389
GameObject:
  m_ObjectHideFlags: 0
  m_CorrespondingSourceObject: {fileID: 0}
  m_PrefabInstance: {fileID: 0}
  m_PrefabAsset: {fileID: 0}
  serializedVersion: 6
  m_Component:
  - component: {fileID: 7486820058748955138}
  - component: {fileID: 7130464500490538274}
  - component: {fileID: 6938282897256992185}
  - component: {fileID: 1433228061449415319}
  m_Layer: 8
  m_Name: Model
  m_TagString: Untagged
  m_Icon: {fileID: 0}
  m_NavMeshLayer: 0
  m_StaticEditorFlags: 0
  m_IsActive: 1
--- !u!4 &7486820058748955138
Transform:
  m_ObjectHideFlags: 0
  m_CorrespondingSourceObject: {fileID: 0}
  m_PrefabInstance: {fileID: 0}
  m_PrefabAsset: {fileID: 0}
  m_GameObject: {fileID: 8130174062045853389}
  m_LocalRotation: {x: 0, y: 0, z: 0, w: 1}
  m_LocalPosition: {x: 0, y: 0, z: 0}
  m_LocalScale: {x: 1, y: 1, z: 1}
  m_Children: []
  m_Father: {fileID: 1437432175277900624}
  m_RootOrder: 0
  m_LocalEulerAnglesHint: {x: 0, y: 0, z: 0}
--- !u!33 &7130464500490538274
MeshFilter:
  m_ObjectHideFlags: 0
  m_CorrespondingSourceObject: {fileID: 0}
  m_PrefabInstance: {fileID: 0}
  m_PrefabAsset: {fileID: 0}
  m_GameObject: {fileID: 8130174062045853389}
  m_Mesh: {fileID: 10208, guid: 0000000000000000e000000000000000, type: 0}
--- !u!23 &6938282897256992185
MeshRenderer:
  m_ObjectHideFlags: 0
  m_CorrespondingSourceObject: {fileID: 0}
  m_PrefabInstance: {fileID: 0}
  m_PrefabAsset: {fileID: 0}
  m_GameObject: {fileID: 8130174062045853389}
  m_Enabled: 1
  m_CastShadows: 0
  m_ReceiveShadows: 1
  m_DynamicOccludee: 1
  m_MotionVectors: 1
  m_LightProbeUsage: 1
  m_ReflectionProbeUsage: 1
  m_RayTracingMode: 2
  m_RenderingLayerMask: 1
  m_RendererPriority: 0
  m_Materials:
  - {fileID: 2100000, guid: 9e6f8a69213b02645b211c8ea040f4ff, type: 2}
  m_StaticBatchInfo:
    firstSubMesh: 0
    subMeshCount: 0
  m_StaticBatchRoot: {fileID: 0}
  m_ProbeAnchor: {fileID: 0}
  m_LightProbeVolumeOverride: {fileID: 0}
  m_ScaleInLightmap: 1
  m_ReceiveGI: 1
  m_PreserveUVs: 0
  m_IgnoreNormalsForChartDetection: 0
  m_ImportantGI: 0
  m_StitchLightmapSeams: 1
  m_SelectedEditorRenderState: 3
  m_MinimumChartSize: 4
  m_AutoUVMaxDistance: 0.5
  m_AutoUVMaxAngle: 89
  m_LightmapParameters: {fileID: 0}
  m_SortingLayerID: 0
  m_SortingLayer: 0
  m_SortingOrder: 0
--- !u!136 &1433228061449415319
CapsuleCollider:
  m_ObjectHideFlags: 0
  m_CorrespondingSourceObject: {fileID: 0}
  m_PrefabInstance: {fileID: 0}
  m_PrefabAsset: {fileID: 0}
  m_GameObject: {fileID: 8130174062045853389}
  m_Material: {fileID: 0}
  m_IsTrigger: 0
  m_Enabled: 1
  m_Radius: 0.5
  m_Height: 2
  m_Direction: 1
  m_Center: {x: 0, y: 0, z: 0}
--- !u!1 &8350499756356732474
GameObject:
  m_ObjectHideFlags: 0
  m_CorrespondingSourceObject: {fileID: 0}
  m_PrefabInstance: {fileID: 0}
  m_PrefabAsset: {fileID: 0}
  serializedVersion: 6
  m_Component:
  - component: {fileID: 1437432175277900624}
  - component: {fileID: 8620742364803898472}
  - component: {fileID: 138277705}
  - component: {fileID: 138277708}
  - component: {fileID: 9023662161017256386}
  - component: {fileID: 711698085}
  m_Layer: 8
  m_Name: Player
  m_TagString: Player
  m_Icon: {fileID: 0}
  m_NavMeshLayer: 0
  m_StaticEditorFlags: 0
  m_IsActive: 1
--- !u!4 &1437432175277900624
Transform:
  m_ObjectHideFlags: 0
  m_CorrespondingSourceObject: {fileID: 0}
  m_PrefabInstance: {fileID: 0}
  m_PrefabAsset: {fileID: 0}
  m_GameObject: {fileID: 8350499756356732474}
  m_LocalRotation: {x: 0, y: 0, z: 0, w: 1}
  m_LocalPosition: {x: 7.0475817, y: 1.04, z: -2.249725}
  m_LocalScale: {x: 1, y: 1, z: 1}
  m_Children:
  - {fileID: 7486820058748955138}
  - {fileID: 625503091}
  - {fileID: 3170085390350627821}
  - {fileID: 5265196164392089335}
  m_Father: {fileID: 0}
  m_RootOrder: 0
  m_LocalEulerAnglesHint: {x: 0, y: 0, z: 0}
--- !u!143 &8620742364803898472
CharacterController:
  m_ObjectHideFlags: 0
  m_CorrespondingSourceObject: {fileID: 0}
  m_PrefabInstance: {fileID: 0}
  m_PrefabAsset: {fileID: 0}
  m_GameObject: {fileID: 8350499756356732474}
  m_Material: {fileID: 0}
  m_IsTrigger: 0
  m_Enabled: 1
  serializedVersion: 2
  m_Height: 2
  m_Radius: 0.5
  m_SlopeLimit: 25
  m_StepOffset: 0.3
  m_SkinWidth: 0.08
  m_MinMoveDistance: 0.001
  m_Center: {x: 0, y: 0, z: 0}
--- !u!54 &138277705
Rigidbody:
  m_ObjectHideFlags: 0
  m_CorrespondingSourceObject: {fileID: 0}
  m_PrefabInstance: {fileID: 0}
  m_PrefabAsset: {fileID: 0}
  m_GameObject: {fileID: 8350499756356732474}
  serializedVersion: 2
  m_Mass: 16.29
  m_Drag: 0
  m_AngularDrag: 0.05
  m_UseGravity: 1
  m_IsKinematic: 0
  m_Interpolate: 0
  m_Constraints: 80
  m_CollisionDetection: 0
--- !u!114 &138277708
MonoBehaviour:
  m_ObjectHideFlags: 0
  m_CorrespondingSourceObject: {fileID: 0}
  m_PrefabInstance: {fileID: 0}
  m_PrefabAsset: {fileID: 0}
  m_GameObject: {fileID: 8350499756356732474}
  m_Enabled: 1
  m_EditorHideFlags: 0
  m_Script: {fileID: 11500000, guid: 7f7a25a1559891944b6529b56c286974, type: 3}
  m_Name: 
  m_EditorClassIdentifier: 
  cameraTransform: {fileID: 625503091}
  smooth: 0
  smoothTime: 0.1
  limitCamerRot: 1
  minAngle: -90
  maxAngle: 60
--- !u!114 &9023662161017256386
MonoBehaviour:
  m_ObjectHideFlags: 0
  m_CorrespondingSourceObject: {fileID: 0}
  m_PrefabInstance: {fileID: 0}
  m_PrefabAsset: {fileID: 0}
  m_GameObject: {fileID: 8350499756356732474}
  m_Enabled: 1
  m_EditorHideFlags: 0
  m_Script: {fileID: 11500000, guid: 64916e25a49262d45b86ea0c23ca6752, type: 3}
  m_Name: 
  m_EditorClassIdentifier: 
  speed: 7.73
  moveDirection: {x: 0, y: 0, z: 0}
  jumpSpeed: 7.75
  gravityMagnitude: 1
  maxLife: 100
  currentLife: 0
  mano: {fileID: 1595628318928570525}
  lanzacohetes: {fileID: 3048626282718770193}
  bullet: {fileID: 6050315488595205216, guid: 71246a1c9b20ca6418721a42b54cced0, type: 3}
  rocketBullet: {fileID: 7394079215501621795, guid: 9ecdb0bd6411c4e4481710e1762e37e1,
    type: 3}
--- !u!65 &711698085
BoxCollider:
  m_ObjectHideFlags: 0
  m_CorrespondingSourceObject: {fileID: 0}
  m_PrefabInstance: {fileID: 0}
  m_PrefabAsset: {fileID: 0}
  m_GameObject: {fileID: 8350499756356732474}
  m_Material: {fileID: 0}
  m_IsTrigger: 0
  m_Enabled: 1
  serializedVersion: 2
  m_Size: {x: 1, y: 1, z: 1}
  m_Center: {x: 0, y: 0, z: 0}
--- !u!1001 &123175915314972961
PrefabInstance:
  m_ObjectHideFlags: 0
  serializedVersion: 2
  m_Modification:
    m_TransformParent: {fileID: 625503091}
    m_Modifications:
    - target: {fileID: 1540028909701763622, guid: f30f0d1ebea84054f88d68103646520c,
        type: 3}
      propertyPath: m_Layer
      value: 8
      objectReference: {fileID: 0}
    - target: {fileID: 2460315807184630780, guid: f30f0d1ebea84054f88d68103646520c,
        type: 3}
      propertyPath: m_Name
      value: RocketLauncher1
      objectReference: {fileID: 0}
    - target: {fileID: 2460315807184630780, guid: f30f0d1ebea84054f88d68103646520c,
        type: 3}
      propertyPath: m_Layer
      value: 8
      objectReference: {fileID: 0}
    - target: {fileID: 2460315807184630780, guid: f30f0d1ebea84054f88d68103646520c,
        type: 3}
      propertyPath: m_IsActive
      value: 0
      objectReference: {fileID: 0}
    - target: {fileID: 7031932456892515181, guid: f30f0d1ebea84054f88d68103646520c,
        type: 3}
      propertyPath: m_LocalPosition.x
      value: 0.26499987
      objectReference: {fileID: 0}
    - target: {fileID: 7031932456892515181, guid: f30f0d1ebea84054f88d68103646520c,
        type: 3}
      propertyPath: m_LocalPosition.y
      value: -0.025999993
      objectReference: {fileID: 0}
    - target: {fileID: 7031932456892515181, guid: f30f0d1ebea84054f88d68103646520c,
        type: 3}
      propertyPath: m_LocalPosition.z
      value: 0.02399993
      objectReference: {fileID: 0}
    - target: {fileID: 7031932456892515181, guid: f30f0d1ebea84054f88d68103646520c,
        type: 3}
      propertyPath: m_LocalRotation.x
      value: 0.047572784
      objectReference: {fileID: 0}
    - target: {fileID: 7031932456892515181, guid: f30f0d1ebea84054f88d68103646520c,
        type: 3}
      propertyPath: m_LocalRotation.y
      value: -0.15563507
      objectReference: {fileID: 0}
    - target: {fileID: 7031932456892515181, guid: f30f0d1ebea84054f88d68103646520c,
        type: 3}
      propertyPath: m_LocalRotation.z
      value: 0.007504252
      objectReference: {fileID: 0}
    - target: {fileID: 7031932456892515181, guid: f30f0d1ebea84054f88d68103646520c,
        type: 3}
      propertyPath: m_LocalRotation.w
      value: 0.98663986
      objectReference: {fileID: 0}
    - target: {fileID: 7031932456892515181, guid: f30f0d1ebea84054f88d68103646520c,
        type: 3}
      propertyPath: m_RootOrder
      value: 1
      objectReference: {fileID: 0}
    - target: {fileID: 7031932456892515181, guid: f30f0d1ebea84054f88d68103646520c,
        type: 3}
      propertyPath: m_LocalEulerAnglesHint.x
      value: 5.5210004
      objectReference: {fileID: 0}
    - target: {fileID: 7031932456892515181, guid: f30f0d1ebea84054f88d68103646520c,
        type: 3}
      propertyPath: m_LocalEulerAnglesHint.y
      value: -17.928001
      objectReference: {fileID: 0}
    - target: {fileID: 7031932456892515181, guid: f30f0d1ebea84054f88d68103646520c,
        type: 3}
      propertyPath: m_LocalEulerAnglesHint.z
      value: 0
      objectReference: {fileID: 0}
    - target: {fileID: 7031932456892515181, guid: f30f0d1ebea84054f88d68103646520c,
        type: 3}
      propertyPath: m_LocalScale.x
      value: 1.8605
      objectReference: {fileID: 0}
    - target: {fileID: 7031932456892515181, guid: f30f0d1ebea84054f88d68103646520c,
        type: 3}
      propertyPath: m_LocalScale.y
      value: 1.8605002
      objectReference: {fileID: 0}
    - target: {fileID: 7031932456892515181, guid: f30f0d1ebea84054f88d68103646520c,
        type: 3}
      propertyPath: m_LocalScale.z
      value: 1.8605
      objectReference: {fileID: 0}
    m_RemovedComponents: []
  m_SourcePrefab: {fileID: 100100000, guid: f30f0d1ebea84054f88d68103646520c, type: 3}
--- !u!4 &6927638520398203468 stripped
Transform:
  m_CorrespondingSourceObject: {fileID: 7031932456892515181, guid: f30f0d1ebea84054f88d68103646520c,
    type: 3}
  m_PrefabInstance: {fileID: 123175915314972961}
  m_PrefabAsset: {fileID: 0}
--- !u!1001 &2829368446741694576
PrefabInstance:
  m_ObjectHideFlags: 0
  serializedVersion: 2
  m_Modification:
    m_TransformParent: {fileID: 625503091}
    m_Modifications:
    - target: {fileID: -4216859302048453862, guid: 7f385f2468452a04684a4a41367ec6a6,
        type: 3}
      propertyPath: m_LocalPosition.x
      value: 0.277
      objectReference: {fileID: 0}
    - target: {fileID: -4216859302048453862, guid: 7f385f2468452a04684a4a41367ec6a6,
        type: 3}
      propertyPath: m_LocalPosition.y
      value: -0.146
      objectReference: {fileID: 0}
    - target: {fileID: -4216859302048453862, guid: 7f385f2468452a04684a4a41367ec6a6,
        type: 3}
      propertyPath: m_LocalPosition.z
      value: 0.463
      objectReference: {fileID: 0}
    - target: {fileID: -4216859302048453862, guid: 7f385f2468452a04684a4a41367ec6a6,
        type: 3}
      propertyPath: m_LocalRotation.x
      value: 0.20314233
      objectReference: {fileID: 0}
    - target: {fileID: -4216859302048453862, guid: 7f385f2468452a04684a4a41367ec6a6,
        type: 3}
      propertyPath: m_LocalRotation.y
      value: 0.6423991
      objectReference: {fileID: 0}
    - target: {fileID: -4216859302048453862, guid: 7f385f2468452a04684a4a41367ec6a6,
        type: 3}
      propertyPath: m_LocalRotation.z
      value: 0.39248645
      objectReference: {fileID: 0}
    - target: {fileID: -4216859302048453862, guid: 7f385f2468452a04684a4a41367ec6a6,
        type: 3}
      propertyPath: m_LocalRotation.w
      value: 0.6261079
      objectReference: {fileID: 0}
    - target: {fileID: -4216859302048453862, guid: 7f385f2468452a04684a4a41367ec6a6,
        type: 3}
      propertyPath: m_RootOrder
      value: 3
      objectReference: {fileID: 0}
    - target: {fileID: -4216859302048453862, guid: 7f385f2468452a04684a4a41367ec6a6,
        type: 3}
      propertyPath: m_LocalEulerAnglesHint.x
      value: -14.471001
      objectReference: {fileID: 0}
    - target: {fileID: -4216859302048453862, guid: 7f385f2468452a04684a4a41367ec6a6,
        type: 3}
      propertyPath: m_LocalEulerAnglesHint.y
      value: 84.541
      objectReference: {fileID: 0}
    - target: {fileID: -4216859302048453862, guid: 7f385f2468452a04684a4a41367ec6a6,
        type: 3}
      propertyPath: m_LocalEulerAnglesHint.z
      value: 50.998
      objectReference: {fileID: 0}
    - target: {fileID: -4216859302048453862, guid: 7f385f2468452a04684a4a41367ec6a6,
        type: 3}
      propertyPath: m_LocalScale.x
      value: 0.092099674
      objectReference: {fileID: 0}
    - target: {fileID: -4216859302048453862, guid: 7f385f2468452a04684a4a41367ec6a6,
        type: 3}
      propertyPath: m_LocalScale.y
      value: 0.092099674
      objectReference: {fileID: 0}
    - target: {fileID: -4216859302048453862, guid: 7f385f2468452a04684a4a41367ec6a6,
        type: 3}
      propertyPath: m_LocalScale.z
      value: 0.092099674
      objectReference: {fileID: 0}
    - target: {fileID: -927199367670048503, guid: 7f385f2468452a04684a4a41367ec6a6,
        type: 3}
      propertyPath: m_Name
      value: ManoFinal
      objectReference: {fileID: 0}
    - target: {fileID: 101298743866686771, guid: 7f385f2468452a04684a4a41367ec6a6,
        type: 3}
      propertyPath: m_CastShadows
      value: 0
      objectReference: {fileID: 0}
    - target: {fileID: 101298743866686771, guid: 7f385f2468452a04684a4a41367ec6a6,
        type: 3}
      propertyPath: m_Materials.Array.data[0]
      value: 
      objectReference: {fileID: 2100000, guid: bac35fa9b4b1b7f4dbc808be1836dc50, type: 2}
    - target: {fileID: 3075478055562019757, guid: 7f385f2468452a04684a4a41367ec6a6,
        type: 3}
      propertyPath: m_CastShadows
      value: 0
      objectReference: {fileID: 0}
    - target: {fileID: 3075478055562019757, guid: 7f385f2468452a04684a4a41367ec6a6,
        type: 3}
      propertyPath: m_Materials.Array.data[0]
      value: 
      objectReference: {fileID: 2100000, guid: 0fb9f61d03f18db48bc01ab89ef65064, type: 2}
    - target: {fileID: 7593585864439183055, guid: 7f385f2468452a04684a4a41367ec6a6,
        type: 3}
      propertyPath: m_CastShadows
      value: 0
      objectReference: {fileID: 0}
    m_RemovedComponents: []
  m_SourcePrefab: {fileID: 100100000, guid: 7f385f2468452a04684a4a41367ec6a6, type: 3}
--- !u!4 &7077788697523217258 stripped
Transform:
  m_CorrespondingSourceObject: {fileID: -4216859302048453862, guid: 7f385f2468452a04684a4a41367ec6a6,
    type: 3}
  m_PrefabInstance: {fileID: 2829368446741694576}
  m_PrefabAsset: {fileID: 0}
